@article{article,
  author  = {Anakin~Skywalker}, 
  journal = {The name of the journal},
  year    = 1993,
  volume  = "C",
  pages   = {201-203}
}

@inbook{inbook,
  author       = {Yoda}, 
  title        = {The title of the work},
  chapter      = 8,
  pages        = {201-213},
  publisher    = {The name of the publisher},
  year         = 1993,
  volume       = 4,
  series       = 5,
  address      = {The address of the publisher},
  edition      = 3,
  month        = 7,
  note         = {An optional note}
}